
@book{robinson_graph_2015,
  address   = {Sebastopol, CA},
  title     = {Graph databases},
  isbn      = {978-1-4919-3200-1},
  url       = {https://neo4j.com/graph-databases-book/?ref=home},
  language  = {English},
  urldate   = {2021-11-03},
  publisher = {O'Reilly},
  author    = {Robinson, Ian and Webber, Jim and Eifrem, Emil},
  year      = {2015},
  annote    = {OCLC: 1028626678}
}

@misc{hoyos_what_2018,
  title    = {What is an {ORM} and {Why} {You} {Should} {Use} it},
  url      = {https://blog.bitsrc.io/what-is-an-orm-and-why-you-should-use-it-b2b6f75f5e2a},
  language = {English},
  urldate  = {2021-11-09},
  author   = {Hoyos, Mario},
  month    = dec,
  year     = {2018}
}

@misc{neo4j_updating_nodate,
  title    = {Updating with {Cypher} - {Developer} {Guides}},
  url      = {https://neo4j.com/developer/cypher/updating/},
  abstract = {Building on the Cypher Basics I guide, this guide covers more introductory concepts of Cypher, Neo4j's graph query language. Upon finishing this guide, you should be able to read and write Cypher queries for standard CRUD operations.},
  language = {en},
  urldate  = {2022-02-06},
  author   = {Neo4j},
  note     = {Publication Title: Neo4j Graph Database Platform},
  file     = {Snapshot:/Users/tomasstary/Zotero/storage/FECJP2XP/updating.html:text/html}
}

@misc{neo4j_querying_nodate,
  title   = {Querying with {Cypher} - {Developer} {Guides}},
  url     = {https://neo4j.com/developer/cypher/querying/},
  urldate = {2022-02-06},
  author  = {{Neo4j}},
  file    = {Querying with Cypher - Developer Guides:/Users/tomasstary/Zotero/storage/C7UL9HN7/querying.html:text/html}
}

@misc{noauthor_getting_nodate,
  author   = {{Neo4j}},
  title    = {Getting {Started} with {Cypher} - {Developer} {Guides}},
  url      = {https://neo4j.com/developer/cypher/intro-cypher/},
  abstract = {This guide explains the basic concepts of Cypher, Neo4j's graph query language. You should be able to read and understand Cypher queries after finishing this guide.},
  language = {en},
  urldate  = {2022-02-06},
  note     = {Publication Title: Neo4j Graph Database Platform},
  file     = {Snapshot:/Users/tomasstary/Zotero/storage/8S7NAL8J/intro-cypher.html:text/html}
}

@misc{neo4j_neo4j_nodate,
  title    = {Neo4j {Graph} {Database}},
  url      = {https://neo4j.com/product/neo4j-graph-database/},
  abstract = {Experience the fastest path to graph with Neo4j. The most trusted, native graph database offers no compromise performance, reliability, and data integrity.},
  urldate  = {2022-02-06},
  author   = {{Neo4j}},
  note     = {Publication Title: Neo4j Graph Data Platform},
  file     = {Snapshot:/Users/tomasstary/Zotero/storage/V3HCREYP/neo4j-graph-database.html:text/html}
}

@misc{neo4j_company_nodate,
  title    = {Company},
  url      = {https://neo4j.com/company/},
  abstract = {Neo4j enables organizations to unlock the business value of connections, influences, and relationships in data. Learn more about our graph database company.},
  language = {en},
  urldate  = {2022-02-06},
  author   = {{Neo4j}},
  note     = {Publication Title: Neo4j Graph Data Platform},
  file     = {Snapshot:/Users/tomasstary/Zotero/storage/DUI5JAMM/company.html:text/html}
}

@misc{mongodb_what_nodate,
  title      = {What {Is} {NoSQL}? {NoSQL} {Databases} {Explained}},
  shorttitle = {What {Is} {NoSQL}?},
  url        = {https://www.mongodb.com/nosql-explained},
  abstract   = {Learn what a NoSQL database is, why (and when!) you should use one, and how to get started using one.},
  language   = {en-us},
  urldate    = {2022-02-06},
  author     = {{MongoDB}},
  note       = {Publication Title: MongoDB},
  file       = {Snapshot:/Users/tomasstary/Zotero/storage/SVTSY82Z/nosql-explained.html:text/html}
}

@misc{cox_introduction_2017,
  title    = {Introduction to {Graph} {Databases}},
  url      = {https://www.compose.com/articles/introduction-to-graph-databases/},
  abstract = {You may have heard about Graph databases but are they right for you? In this Write Stuff article, Graham Cox looks at the concepts and application of Graph databases. If you are reading this article then no doubt you have already heard of the concept of a Graph Database, and},
  urldate  = {2022-01-29},
  author   = {Cox, Graham},
  month    = may,
  year     = {2017},
  note     = {Publication Title: Compose Articles},
  file     = {Snapshot:/Users/tomasstary/Zotero/storage/XHXJIIAJ/introduction-to-graph-databases.html:text/html}
}

@misc{morgante_what_2021,
  title    = {What is a graph database?},
  url      = {https://towardsdatascience.com/what-is-a-graph-database-249cd7fdf24d},
  abstract = {Much has been written about graph databases as a distinct type of database in the last few years and it is easy to forgive in believing…},
  language = {en},
  urldate  = {2022-02-06},
  author   = {Morgante, Victor},
  month    = apr,
  year     = {2021},
  note     = {Publication Title: Medium},
  file     = {Snapshot:/Users/tomasstary/Zotero/storage/TEPU29IZ/what-is-a-graph-database-249cd7fdf24d.html:text/html}
}

@misc{noauthor_resources_nodate,
  title     = {Resources · {openCypher}},
  url       = {https://opencypher.org/resources/},
  urldate   = {2022-02-04},
  publisher = {Neo4j, Inc.},
  file      = {Resources · openCypher:/Users/tomasstary/Zotero/storage/9AEEL7D4/resources.html:text/html}
}

@misc{chao_graph_2018,
  title      = {Graph {Databases} for {Beginners}: {Native} vs. {Non}-{Native} {Graph} {Technology}},
  shorttitle = {Graph {Databases} for {Beginners}},
  url        = {https://neo4j.com/blog/native-vs-non-native-graph-technology/},
  abstract   = {Discover the critical differences between native vs. non-native graph technology and why the distinction between the graph database architectures matter.},
  language   = {en},
  urldate    = {2022-01-30},
  author     = {Chao, Joy},
  month      = dec,
  year       = {2018},
  note       = {Publication Title: Neo4j Graph Data Platform},
  file       = {Snapshot:/Users/tomasstary/Zotero/storage/MMNCYPX3/native-vs-non-native-graph-technology.html:text/html}
}

@misc{mccreary_neighborhood_2021,
  title    = {The {Neighborhood} {Walk} {Story}},
  url      = {https://dmccreary.medium.com/how-to-explain-index-free-adjacency-to-your-manager-1a8e68ec664a},
  abstract = {Index-free adjacency is the most important concept we need to understand when learning about native graph databases. Native graphs have…},
  language = {en},
  urldate  = {2022-01-30},
  author   = {McCreary, Dan},
  month    = jan,
  year     = {2021},
  note     = {Publication Title: Medium},
  file     = {Snapshot:/Users/tomasstary/Zotero/storage/5VBX7DV3/how-to-explain-index-free-adjacency-to-your-manager-1a8e68ec664a.html:text/html}
}

@misc{neo4j_reference_nodate,
  title    = {Reference - {OGM} {Library}},
  url      = {https://neo4j.com/docs/ogm-manual/3.2/reference/},
  abstract = {This chapter is the reference documentation for Neo4j-OGM.},
  language = {en},
  urldate  = {2022-01-21},
  author   = {{Neo4j}},
  note     = {Publication Title: Neo4j Graph Database Platform},
  file     = {Snapshot:/Users/tomasstary/Zotero/storage/46I54QJW/reference.html:text/html}
}

@misc{microsoft_what_nodate,
  title      = {What is .{NET}? {An} open-source developer platform.},
  shorttitle = {What is .{NET}?},
  url        = {https://dotnet.microsoft.com/en-us/learn/dotnet/what-is-dotnet},
  abstract   = {.NET is a free, cross-platform, open-source developer platform. .NET has languages, editors, and libraries to build for web, mobile, desktop, games, and IoT.},
  language   = {en-US},
  urldate    = {2022-02-12},
  author     = {{Microsoft}},
  note       = {Publication Title: Microsoft},
  file       = {Snapshot:/Users/tomasstary/Zotero/storage/TPGND2XV/what-is-dotnet.html:text/html}
}

@book{rodenburg_code_2021,
  address   = {Shelter Island, New York},
  title     = {Code like a pro in \CS},
  isbn      = {978-1-61729-802-8},
  publisher = {Manning Publications},
  author    = {Rodenburg, Jort},
  year      = {2021},
  keywords  = {Application software, \CS\ (Computer program language), Development, Internet programming, Microsoft .NET Framework, Object-oriented programming languages, Relational databases},
  annote    = {Introducing \CS\ and .NET – .NET and how it compiles – How bad is this code? – Manage your unmanaged resources – Setting up a project and database with Entity Framework Core – Test-driven development and dependency injection – Comparing objects – Stubbing, generics, and coupling –Extension methods, streams, and abstract classes – Reflection and mocks – Runtime type checking revisited and error handling – Using IAsyncEnumerable and yield return – Middleware, HTTP routing, and HTTP responses – JSON serialization/deserialization and custom model binding},
  annote    = {OCLC: on1236793121},
  annote    = {You know the basics, now get ready for the next step! Pro-quality \CS\ code is efficient, clean, and fast. Whether you're building user-facing business applications or writing data-intensive backend services, the experience-based, practical techniques in this book will take your \CS\ skills to a new level. "Code like a pro in \CS" teaches you to how write clean \CS\ code that's suitable for enterprise applications. In this book, you'll refactor a legacy codebase by applying modern \CS\ techniques. You'll explore tools like Entity Framework Core, design techniques like dependency injection, and key practices like testing and clean coding. It's a perfect path to upgrade your existing \CS\ skills or shift from another OO language into \CS\ and the .NET ecosystem Critical business applications worldwide are written in the versatile \CS\ language and the powerful .NET platform, running on desktops, cloud systems, and Windows or Linux servers. Code Like a Pro in \CS\ makes it easy to turn your existing abilities in \CS\ or another OO language (such as Java) into practical \CS\ mastery}
}

@book{albahari_c_2019,
  address    = {Sebastapol, CA},
  edition    = {First edition},
  title      = {\CS\ 8.0 pocket reference: instant help for \CS\ 8.0 programmers},
  isbn       = {978-1-4920-5121-3},
  shorttitle = {\CS\ 8.0 pocket reference},
  abstract   = {When you need answers about using \CS\ 8.0, this tightly focused and practical book tells you exactly what you need to know without long intros or bloated samples. Easy to browse, \CS\ 8.0 Pocket Reference is ideal as a quick source of information or as a guide to get you rapidly up to speed if you already know Java, C++, or an earlier \CS\ version. All programs and code snippets are available as interactive samples in LINQPad. You can edit these samples and instantly see the results without needing to set up projects in Visual Studio. Written by the author of \CS\ 7.0 in a Nutshell , this pocket reference covers \CS\ 8.0 without skimping on detail, including: \CS\ fundamentals and features new to \CS\ 8.0 Advanced topics like operator overloading, type constraints, iterators, nullable types, operator lifting, lambda expressions, and closures LINQ: sequences, lazy execution, standard query operators, and query expressions Unsafe code and pointers, custom attributes, preprocessor directives, and XML documentation},
  publisher  = {O'Reilly Media, Inc},
  author     = {Albahari, Joseph and Albahari, Ben},
  year       = {2019},
  keywords   = {\CS\ (Computer program language), Programming languages (Electronic computers)},
  annote     = {A First \CS\ Program – Syntax – Type Basics – Numeric Types – Boolean Type and Operators – Strings and Characters – Arrays – Variables and Parameters – Expressions and Operators – Null Operators – Statements – Namespaces – Classes – Inheritance – The object Type – Structs – Access Modifiers – Interfaces – Enums – Nested Types – Generics – Delegates – Events – Lambda Expressions – Anonymous Methods – try Statements and Exceptions – Enumeration and Iterators – Nullable (Value) Types – Nullable Reference Types (\CS\ 8) – Extension Methods – Tuples – LINQ – Dynamic Binding – Operator Overloading – Attributes – Caller Info Attributes – Asynchronous Functions – Unsafe Code and Pointers – Preprocessor Directives – XML Documentation – Index},
  annote     = {Includes index},
  annote     = {OCLC: on1089489998}
}

@book{gamma_design_1995,
  address    = {Reading, Mass},
  series     = {Addison-{Wesley} professional computing series},
  title      = {Design patterns: elements of reusable object-oriented software},
  isbn       = {978-0-201-63361-0},
  shorttitle = {Design patterns},
  publisher  = {Addison-Wesley},
  editor     = {Gamma, Erich},
  year       = {1995},
  keywords   = {Computer software, Object-oriented programming (Computer science), Reusability, Software patterns}
}

@misc{javatpoint_classification_nodate,
  title    = {Classification of {Design} {Pattern} - javatpoint},
  url      = {https://www.javatpoint.com/classification-of-design-pattern-in-python},
  abstract = {Classification of Design Pattern with What is Design Pattern, Classification of Design Patterns, Model View Controller Pattern, Singleton Design Patterns, Factory Design Patterns etc.},
  language = {en},
  urldate  = {2022-03-03},
  author   = {{JavaTpoint}},
  note     = {Publication Title: www.javatpoint.com},
  file     = {Snapshot:/Users/tomasstary/Zotero/storage/4NHQUNRT/classification-of-design-pattern-in-python.html:text/html}
}

@misc{noauthor_factory_nodate,
  title    = {Factory {Method}},
  url      = {https://refactoring.guru/design-patterns/factory-method},
  abstract = {Factory Method is a creational design pattern that provides an interface for creating objects in a superclass, but allows subclasses to alter the type of objects that will be created.},
  language = {en},
  urldate  = {2022-03-04}
}

@misc{neo4j_client_nodate,
  title    = {Client applications - {Neo4j} .{NET} {Driver} {Manual}},
  url      = {https://neo4j.com/docs/dotnet-manual/4.4/client-applications/},
  language = {en},
  urldate  = {2022-03-08},
  author   = {{Neo4j}},
  note     = {Publication Title: Neo4j Graph Database Platform}
}

@misc{wagner_params_nodate,
  title    = {params keyword for parameter arrays - \CS\ reference},
  url      = {https://docs.microsoft.com/en-us/dotnet/csharp/language-reference/keywords/params},
  abstract = {params keyword for parameter arrays - \CS\ reference},
  language = {en-us},
  urldate  = {2022-04-03},
  author   = {Wagner, Bill},
  file     = {Snapshot:/Users/tomasstary/Zotero/storage/8WF5L6X8/params.html:text/html}
}

@misc{hamilton_what_2020,
  title      = {What is {Test} {Driven} {Development} ({TDD})? {Tutorial} with {Example}},
  shorttitle = {What is {Test} {Driven} {Development} ({TDD})?},
  url        = {https://www.guru99.com/test-driven-development.html},
  abstract   = {Test Driven Development (TDD) is a programming practice that instructs developers to write new code only if an automated test has failed. This avoids duplication of code. The primary goal of TDD is to},
  language   = {en-US},
  urldate    = {2022-04-04},
  author     = {Hamilton, Thomas},
  month      = jun,
  year       = {2020},
  annote     = {Section: Software Testing},
  file       = {Snapshot:/Users/tomasstary/Zotero/storage/T54YZCEL/test-driven-development.html:text/html}
}

@misc{poole_nunitorg_nodate,
  title   = {{NUnit}.org},
  url     = {https://nunit.org/},
  urldate = {2022-04-04},
  author  = {Poole, Charlie and Prouse, Rob},
  file    = {NUnit.org:/Users/tomasstary/Zotero/storage/FKQ5IZYI/nunit.org.html:text/html}
}

@misc{net_foundation_home_nodate,
  title    = {Home},
  url      = {https://xunit.net/},
  abstract = {Documentation site for the xUnit.net unit testing framework},
  language = {en},
  urldate  = {2022-04-04},
  author   = {{.NET Foundation}},
  note     = {Publication Title: xUnit.net},
  file     = {Snapshot:/Users/tomasstary/Zotero/storage/6VVS2SFP/xunit.net.html:text/html}
}

@misc{progress_software_corporation_mocking_nodate,
  title   = {Mocking {Framework} for {Unit} {Testing} - {Telerik} {JustMock}},
  url     = {https://www.telerik.com/products/mocking/unit-testing.aspx},
  urldate = {2022-04-05},
  author  = {{Progress Software Corporation}}
}

@inproceedings{madeyski_continuous_2013,
  address    = {Angers, France},
  title      = {Continuous {Test}-{Driven} {Development} - {A} {Novel} {Agile} {Software} {Development} {Practice} and {Supporting} {Tool}},
  isbn       = {978-989-8565-62-4},
  shorttitle = {Continuous {Test}-{Driven} {Development} - {A} {Novel} {Agile} {Software} {Development} {Practice} and {Supporting} {Tool}},
  url        = {http://www.scitepress.org/DigitalLibrary/Link.aspx?doi=10.5220/0004587202600267},
  doi        = {10.5220/0004587202600267},
  urldate    = {2022-04-05},
  booktitle  = {Proceedings of the 8th {International} {Conference} on {Evaluation} of {Novel} {Approaches} to {Software} {Engineering}},
  publisher  = {SciTePress - Science and and Technology Publications},
  author     = {Madeyski, Lech and Kawalerowicz, Marcin},
  year       = {2013},
  pages      = {260--267}
}

@misc{noauthor_coverlet_2022,
  title     = {Coverlet},
  copyright = {MIT},
  url       = {https://github.com/coverlet-coverage/coverlet},
  abstract  = {Cross platform code coverage for .NET},
  urldate   = {2022-04-05},
  publisher = {Coverlet},
  month     = apr,
  year      = {2022},
  keywords  = {bytecode, code-coverage, coverage, coverage-library, coverlet, cross-platform, dotnet, dotnet-core, instrumentation, unittest},
  annote    = {original-date: 2018-01-31T17:01:26Z}
}

@misc{wagner_internal_2022,
  title    = {internal - \CS\ {Reference}},
  url      = {https://docs.microsoft.com/en-us/dotnet/csharp/language-reference/keywords/internal},
  abstract = {internal - \CS\ Reference},
  language = {en-us},
  urldate  = {2022-04-24},
  author   = {Wagner, Bill},
  month    = jan,
  year     = {2022}
}

@misc{gill_package_2022,
  title    = {Package authoring best practices},
  url      = {https://docs.microsoft.com/en-us/nuget/create-packages/package-authoring-best-practices},
  abstract = {A general guide of best practices for creating high quality NuGet packages.},
  language = {en-us},
  urldate  = {2022-04-24},
  author   = {Gill, Christopher R.},
  month    = feb,
  year     = {2022},
  note     = {Publication Title: Package authoring best practices
              Type: web page},
  file     = {Snapshot:/Users/tomasstary/Zotero/storage/JKQUWB3H/package-authoring-best-practices.html:text/html}
}
